@article{Hibbard:67:CFdet,
	author={Hibbard, Thomas N},
	year = {1967},
	title = {A generalization of context-free determinism},
	journal = {Information and Control},
	volume = {11},
	number = {1},
	pages = {196-238},
	issn = {0019-9958},
	doi = {10.1016/S0019-9958(67)90513-X},
}

@book{Hopcroft:79:introLFA,
	author = {Hopcroft, John E. and Ullman, Jeffrey D.},
	year = {1979},
	title = {Introduction to Automata Theory, Languages, and Computation},
	isbn = {9780201029888},
	publisher = {Addison-Wesley},
	url = {http://infolab.stanford.edu/~ullman/ialc.html},
}

@book{Hopcroft:01:introLFA2,
	author = {Hopcroft , John E. and Motwani, Rajeev and Ullman, Jeffrey D.},
	year = {2001},
	title = {Introduction to Automata Theory, Languages, and Computation},
	isbn = {0201441241},
	publisher = {Addison Wesley},
	edition = {2},
	url = {http://infolab.stanford.edu/~ullman/ialc.html},
}

@article{Chomsky:56:hier,
	author = {Chomsky, Noam},
	year = {1956},
	title = {Three models for the description of language},
	journal = {IRE Transactions on Information Theory},
	volume = {2},
	number = {3},
	pages = {113-124},
	doi = {10.1109/TIT.1956.1056813},
}

@misc{Bertoni:04:dispLFA,
	author = {Bertoni, Alberto and Palano, Beatrice},
	year = {2004},
	title = {Linguaggi Formali e Automi},
	type = {Dispense},
	url = {https://palano.di.unimi.it/lfa/#dispense},
}

@book{Shallit:09:secondLFA,
	author = {Shallit, Jeffrey},
	year = {2008},
	title = {A Second Course in Formal Languages and Automata Theory},
	isbn = {9780511808876},
	doi = {10.1017/CBO9780511808876},
	publisher = {Cambridge University Press},
	url = {https://cs.uwaterloo.ca/~shallit/second.html},
}

@article{Pighizzini:14:limitedRE,
	author = {Pighizzini, Giovanni and Pisoni, Andrea},
	year = {2014},
	title = {Limited Automata and Regular Languages},
	journal = {International Journal of Foundations of Computer Science},
	volume = {25},
	number = {07},
	pages = {897-916},
	doi = {10.1142/S0129054114400140},
}

@incollection{Chomsky:63:algebraCF,
	author = {N. Chomsky and M.P. Schützenberger},
	year = {1963},
	title = {The Algebraic Theory of Context-Free Languages*},
	editor = {P. Braffort and D. Hirschberg},
	series = {Studies in Logic and the Foundations of Mathematics},
	publisher = {Elsevier},
	volume = {35},
	pages = {118-161},
	booktitle = {Computer Programming and Formal Systems},
	issn = {0049-237X},
	doi = {10.1016/S0049-237X(08)72023-8},
}

@book{Wagner:86:compCompl,
	author = {Wagner, K. W. and Wechsung, G.},
	year = {1986},
	title = {Computational Complexity},
	publisher = {D. Reidel Publishing Company},
	location = {Dordrecht},
}


@inproceedings{Pighizzini:19:limited,
	author = {Pighizzini, Giovanni},
	year = {2019},
	title = {Limited Automata: Properties, Complexity and Variants},
	editor = {Hospodár, Michal and Jirásková, Galina and Konstantinidis, Stavros},
	booktitle = {Descriptional Complexity of Formal Systems},
	publisher = {Springer International Publishing},
	address = {Cham},
	pages = {57--73},
	isbn = {978-3-030-23247-4},
	doi = {10.1007/978-3-030-23247-4_4},
}
